@article{li2021safe,
	title={Safe Adaptive Learning-based Control for Constrained Linear Quadratic Regulators with Regret Guarantees},
	author={Li, Yingying and Das, Subhro and Shamma, Jeff and Li, Na},
	journal={arXiv preprint arXiv:2111.00411},
	year={2021}
}